% Encoding: windows-1252
%
% zwischen jedes bibitem MUSS eine Leerzeile
% (sonst funktionieren die Backrefs nicht)
%
@article{https://doi.org/10.1002/phbl.19990550608,
	author = {Tittel, Wolfgang and Brendel, Jürgen and Gisin, Nicolas and Ribordy, Grégoire and Zbinden, Hugo},
	title = {Quantenoptik: Quantenkryptographie: Die eigentümliche Natur der Quantenmechanik läßt sich für die Übertragung geheimer Nachrichten ausnutzen},
	journal = {Physikalische Blätter},
	volume = {55},
	number = {6},
	pages = {25-30},
	doi = {https://doi.org/10.1002/phbl.19990550608},
	url = {https://onlinelibrary.wiley.com/doi/abs/10.1002/phbl.19990550608},
	eprint = {https://onlinelibrary.wiley.com/doi/pdf/10.1002/phbl.19990550608},
	abstract = {Abstract Obwohl die Quantenmechanik sämtliche Gebiete der modernen Physik durchzieht, stoßen wir immer wieder auf Probleme, wenn wir ihre Vorhersagen mit unserer klassischen Anschauung zu verstehen versuchen. Seit einigen Jahren geht der Trend dahin, die seltsam anmutenden Eigenheiten der Quantenwelt - Nichtlokalität, Superpositionsprinzip, Unschärferelation - auszunutzen, um Dinge zu realisieren, die innerhalb der klassischen Physik unmöglich sind. Die Quanten-Informationsverarbeitung, auch Quantenkommunikation genannt, ist aus diesem Ansatz hervorgegangen; erste Demonstrationsexperimente zum Quantencomputer sowie Quantenkryptographie-Prototypen haben gezeigt, welches Potential diese Entwicklung birgt [1, 2]. In diesem Artikel verdeutlichen wir, wie die Grundprinzipien der Quantentheorie in der Quantenkryptographie zur Anwendung kommen.},
	year = {1999}
}

@article{Schroedinger1935,
  author    = {Erwin Schrödinger},
  title     = {Die gegenwärtige Situation in der Quantenmechanik},
  journal   = {Naturwissenschaften},
  year      = {1935},
  volume    = {23},
  number    = {48},
  pages     = {807--812},
  doi       = {10.1007/BF01491891},
  url       = {https://doi.org/10.1007/BF01491891},
  issn      = {1432-1904},
  month     = nov,
}

@article{Kaijser2008,
  author    = {Per Kaijser and Wernhard Markwitz},
  title     = {Quantenphysik und die Zukunft der Kryptographie},
  journal   = {Datenschutz und Datensicherheit - DuD},
  year      = {2008},
  volume    = {32},
  number    = {6},
  pages     = {396--399},
  doi       = {10.1007/s11623-008-0095-7},
  url       = {https://doi.org/10.1007/s11623-008-0095-7},
  issn      = {1862-2607},
  month     = jun,
  abstract  = {Der Beitrag fasst die Höhepunkte aus fast 2.500 Jahren Kryptographiegeschichte zusammen. Die Zeitachse zeigt, dass erst in letzten 50 Jahren drei wirklich revolutionäre Erfindungen erfolgten: Mitte der 70er Jahre wurde die Verschlüsselung mit öffentlichen Schlüsseln eingeführt. Danach wurden zwei Entdeckungen gemacht, die auf der Quantenphysik beruhen: Die Quanten-Kryptographie und der Quanten-Computer. Die Bedeutung dieser drei neuen Techniken für die Entwicklung und Zukunft der Kryptographie werden erläutert — und es wird gezeigt, warum diese drei als „Quantensprünge“ der Informationssicherheit betrachtet werden müssen.},
}
